<?xml version="1.0" encoding="UTF-8"?><collection xmlns="http://www.loc.gov/MARC21/slim"><record><leader>00471nam--2200145-i-4500</leader><controlfield tag="001">000044304</controlfield><controlfield tag="002">20161230</controlfield><controlfield tag="005">20161230201044</controlfield><controlfield tag="008">060222s1000------------r-----000-0-eng-d</controlfield><datafield ind1=" " ind2=" " tag="080"><subfield code="a">517.43</subfield></datafield><datafield ind1="1" ind2="0" tag="100"><subfield code="a">Vasilescu, F.H. /S.A.</subfield></datafield><datafield ind1="1" ind2=" " tag="245"><subfield code="a">Teoria operatorilor si algebre de operatori</subfield><subfield code="c">Arsene, Gr., Suciu I., Zsido, L., Stratila, S</subfield></datafield><datafield ind1=" " ind2=" " tag="260"><subfield code="a">Bucuresti, Editura Academiei Republicii Socialiste Romania, 1974, 491p</subfield></datafield><datafield ind1=" " ind2=" " tag="852"><subfield code="a">39722</subfield><subfield code="c">517.5</subfield></datafield><datafield ind1=" " ind2=" " tag="CAT"><subfield code="a">Sys</subfield><subfield code="c">20080806</subfield><subfield code="h">084611</subfield></datafield></record></collection>